<record><leader>00000cas a22000007a 4500</leader><controlfield tag="001">13196731</controlfield><controlfield tag="008">860225d19071942iaucr ne      0    0eng d</controlfield><datafield ind1=" " ind2=" " tag="010"><subfield code="a">sn 86060025 </subfield></datafield><datafield ind1=" " ind2=" " tag="040"><subfield code="a">INP</subfield><subfield code="b">eng</subfield><subfield code="c">INP</subfield><subfield code="d">OCLCQ</subfield></datafield><datafield ind1=" " ind2=" " tag="042"><subfield code="a">msc</subfield></datafield><datafield ind1="0" ind2="4" tag="245"><subfield code="a">The Mediapolis new era-news.</subfield></datafield><datafield ind1="1" ind2="3" tag="246"><subfield code="a">New era</subfield><subfield code="f">Mar. 6, 1907</subfield></datafield><datafield ind1="1" ind2="3" tag="246"><subfield code="a">New era-news</subfield><subfield code="f">Mar. 13-Sept. 4, 1907</subfield></datafield><datafield ind1=" " ind2=" " tag="260"><subfield code="a">Mediapolis, Iowa :</subfield><subfield code="b">T.A. Merrill,</subfield><subfield code="c">1907-1942.</subfield></datafield><datafield ind1=" " ind2=" " tag="300"><subfield code="a">35 v. :</subfield><subfield code="b">ill.</subfield></datafield><datafield ind1=" " ind2=" " tag="310"><subfield code="a">Semiweekly</subfield></datafield><datafield ind1="0" ind2=" " tag="362"><subfield code="a">Vol. 34, no. 19 (Mar. 6, 1907)-v. 68, no. 49 (June 19, 1942).</subfield></datafield><datafield ind1=" " ind2=" " tag="752"><subfield code="a">United States</subfield><subfield code="b">Iowa</subfield><subfield code="c">Des Moines</subfield><subfield code="d">Mediapolis.</subfield></datafield><datafield ind1="0" ind2="4" tag="780"><subfield code="t">New era (Mediapolis, Iowa)</subfield><subfield code="w">(DLC)sn 86060026</subfield></datafield><datafield ind1="0" ind2="4" tag="780"><subfield code="t">Mediapolis news (Mediapolis, Iowa : 1897)</subfield><subfield code="w">(DLC)sn 85050957</subfield></datafield><datafield ind1="0" ind2="0" tag="785"><subfield code="t">Mediapolis new era</subfield><subfield code="w">(DLC)sn 84005222</subfield></datafield></record>